<record><leader>00000cas a22000007a 4500</leader><controlfield tag="001">35964636</controlfield><controlfield tag="008">961120d19321935okuwr n       0    0eng d</controlfield><datafield ind1=" " ind2=" " tag="010"><subfield code="a">sn 96093197 </subfield></datafield><datafield ind1=" " ind2=" " tag="040"><subfield code="a">OBN</subfield><subfield code="b">eng</subfield><subfield code="c">OBN</subfield><subfield code="d">OCLCQ</subfield><subfield code="d">OCLCF</subfield><subfield code="d">OCLCO</subfield></datafield><datafield ind1="1" ind2=" " tag="029"><subfield code="a">AU@</subfield><subfield code="b">000012971873</subfield></datafield><datafield ind1=" " ind2=" " tag="042"><subfield code="a">msc</subfield></datafield><datafield ind1=" " ind2=" " tag="043"><subfield code="a">n-us-ok</subfield></datafield><datafield ind1="0" ind2="4" tag="245"><subfield code="a">The Kiowa County star.</subfield></datafield><datafield ind1=" " ind2=" " tag="260"><subfield code="a">Hobart, Okla. :</subfield><subfield code="b">Star Pub. Co.</subfield></datafield><datafield ind1=" " ind2=" " tag="300"><subfield code="a">v.</subfield></datafield><datafield ind1=" " ind2=" " tag="310"><subfield code="a">Weekly</subfield></datafield><datafield ind1="0" ind2=" " tag="362"><subfield code="a">-v. 7, no. 10 (Dec. 12, 1935).</subfield></datafield><datafield ind1="1" ind2=" " tag="362"><subfield code="a">Began in 1932?</subfield></datafield><datafield ind1=" " ind2=" " tag="500"><subfield code="a">"Successor to The Dill City Tribune."</subfield></datafield><datafield ind1=" " ind2=" " tag="588"><subfield code="a">Description based on: Vol. 5, no. 26 (Mar. 29, 1934).</subfield></datafield><datafield ind1=" " ind2="0" tag="651"><subfield code="a">Hobart (Okla.)</subfield><subfield code="v">Newspapers.</subfield></datafield><datafield ind1=" " ind2="0" tag="651"><subfield code="a">Kiowa County (Okla.)</subfield><subfield code="v">Newspapers.</subfield></datafield><datafield ind1=" " ind2="7" tag="655"><subfield code="a">Newspapers.</subfield><subfield code="2">fast</subfield><subfield code="0">(OCoLC)fst01423814</subfield></datafield><datafield ind1=" " ind2="7" tag="651"><subfield code="a">Oklahoma</subfield><subfield code="z">Hobart.</subfield><subfield code="2">fast</subfield><subfield code="0">(OCoLC)fst01206767</subfield></datafield><datafield ind1=" " ind2="7" tag="651"><subfield code="a">Oklahoma</subfield><subfield code="z">Kiowa County.</subfield><subfield code="2">fast</subfield><subfield code="0">(OCoLC)fst01207057</subfield></datafield><datafield ind1=" " ind2=" " tag="752"><subfield code="a">United States</subfield><subfield code="b">Oklahoma</subfield><subfield code="c">Kiowa</subfield><subfield code="d">Hobart.</subfield></datafield><datafield ind1="0" ind2="0" tag="780"><subfield code="t">Dill City tribune</subfield></datafield><datafield ind1="0" ind2="7" tag="785"><subfield code="t">Kiowa County review</subfield><subfield code="w">(DLC)sn 96093198</subfield><subfield code="w">(OCoLC)35964701</subfield></datafield><datafield ind1="0" ind2="7" tag="785"><subfield code="t">Kiowa County star combined with the Kiowa County review</subfield><subfield code="w">(DLC)sn 96093199</subfield><subfield code="w">(OCoLC)35964750</subfield></datafield></record>